@String{acp    = "Adv. Chem. Phys."}
@string{aqc    = "Adv. Quant. Chem."}
@String{cp     = "Chem. Phys."}
@String{cpl    = "Chem. Phys. Lett."}
@String{ijqc   = "Int. J. Quantum Chem."}
@String{irpc   = "Int. Rev. Phys. Chem."}
@String{jacs   = "J. Am. Chem. Soc."}
@String{jcc    = "J. Comput. Chem."}
@String{jcp    = "J. Chem. Phys."}
@String{jcpa   = "J. Chem. Phys. A"}
@String{jpc    = "J. Phys. Chem."}
@String{pccp   = "Phys. Chem. Chem. Phys."}
@String{pr     = "Phys. Rev."}
@String{pra    = "Phys. Rev. A"}
@String{prb    = "Phys. Rev. B"}
@String{prl    = "Phys. Rev. Lett."}
@String{tca    = "Theor. Chim. Acta"}
@String{tcac   = "Theor. Chem. Acc."}
@String{jctc   = "J. Chem. Theory Comput."}
@String{mp     = "Mol. Phys."}
@String{cs     = "Chem. Sci."}
@String{nanolett = "Nano Lett."}

@article{Kim2015JCTC3636
  , author = {I. Kim and S. M. Parker and T. Shiozaki}
  , doi = {10.1021/acs.jctc.5b00429}
  , journal = jctc
  , pages = {3636}
  , title = {Orbital Optimization in the Active Space Decomposition Model}
  , volume = {11}
  , year = {2015}
}

@article{Kubota2018
  , author = {M. Kubota and S. Nainar and S. M. Parker and W. England and F. Furche and R. Spitale}
  , note = {submitted}
  , title = {Expanding the Scope of RNA Metabolic Labeling with Vinyl Nucleosides and Inverse Electron-Demand Diels-Alder Chemistry}
  , year = {2018}
}

@article{Muuronen2017ChemSci2179
  , author = {M. Muuronen and S. M. Parker and E. Berardo and A. Le and M. Zwijnenburg and F. Furche}
  , doi = {10.1039/C6SC04378J}
  , journal = cs
  , pages = {2179-2183}
  , title = {Mechanism of Photocatalytic Water Oxidation on Small TiO$_2$ Nanoparticles}
  , volume = {8}
  , year = {2017}
}

@article{Nasluzov2015KinCat631
  , author = {V. A. Nasluzov and S. M. Parker and A. Genest and A. M. Shor and E. A. Ivanova-Shor and N. Rösch}
  , doi = {10.1134/S0023158415050134}
  , journal = {Kinetics and Catalysis}
  , pages = {631}
  , title = {Trinuclear tantalum clusters grafted to hydroxylated silica surfaces: A density-functional embedded-cluster study}
  , volume = {56}
  , year = {2015}
}

@article{Parker2011JCP224301
  , author = {S. M. Parker and M. A. Ratner and T. Seideman}
  , doi = {10.1063/1.3663710}
  , journal = jcp
  , pages = {224301}
  , title = {Coherent control of molecular torsion}
  , volume = {135}
  , year = {2011}
}

@article{Parker2012MolPhys1941
  , author = {S. M. Parker and M. A. Ratner and T. Seideman}
  , doi = {10.1080/00268976.2012.695808}
  , journal = mp
  , pages = {1941}
  , title = {Simulating strong field control of axial chirality using optimal control theory}
  , volume = {110}
  , year = {2012}
}

@article{Parker2013JCP021108
  , author = {S. M. Parker and T. Seideman and M. A. Ratner and T. Shiozaki}
  , doi = {10.1063/1.4813827}
  , journal = jcp
  , pages = {021108}
  , title = {Active-space decomposition for molecular dimers}
  , volume = {139}
  , year = {2013}
}

@article{Parker2014JCTC3738
  , author = {S. M. Parker and T. Shiozaki}
  , doi = {10.1021/ct5004753}
  , journal = jctc
  , pages = {3738}
  , title = {Quasi-diabatic states from active space decomposition}
  , volume = {10}
  , year = {2014}
}

@article{Parker2014JPCC12700
  , author = {S. M. Parker and T. Seideman and M. A. Ratner and T. Shiozaki}
  , doi = {10.1021/jp505082a}
  , journal = jpcc
  , pages = {12700}
  , title = {Model Hamiltonian analysis of singlet fission from first principles}
  , volume = {118}
  , year = {2014}
}

@article{Parker2014NanoLett4587
  , author = {S. M. Parker and M. Smeu and I. Franco and M. A. Ratner and T. Seideman}
  , doi = {10.1021/nl501629c}
  , journal = nanolett
  , pages = {4587}
  , title = {Molecular Junctions: Can Pulling Influence Optical Controllability}
  , volume = {14}
  , year = {2014}
}

@article{Parker2014JCP211102
  , author = {S. M. Parker and T. Shiozaki}
  , doi = {10.1063/1.4902991}
  , journal = jcp
  , pages = {211102}
  , title = {Active space Decomposition with multiple sites: Density matrix renormalization group algorithm}
  , volume = {141}
  , year = {2014}
}

@article{Parker2016JCP134105
  , author = {S. M. Parker and S. Roy and and F. Furche}
  , doi = {10.1063/1.4963749}
  , journal = jcp
  , pages = {134105}
  , title = {Unphysical divergences in response theory}
  , volume = {145}
  , year = {2016}
}

@article{Parker2018JCTC807
  , author = {S. M. Parker and D. Rappoport and F. Furche}
  , doi = {10.1021/acs.jctc.7b01008}
  , journal = jctc
  , pages = {807-819}
  , title = {Quadratic response properties from TDDFT: trials and tribulations}
  , volume = {14}
  , year = {2018}
}

@article{Wu2013Organometallics2363
  , author = {Y. Wu and V. A. Karttunen and S. M. Parker and A. Genest and N. Rösch}
  , doi = {10.1021/om301236n}
  , journal = {Organometallics}
  , pages = {2363}
  , title = {Olefin Hydrosilylation Catalyzed by a Bis-N-Heterocyclic Carbene Rhodium Complex. A Density Functional Theory Study}
  , volume = {32}
  , year = {2013}
}

